@ARTICLE{Yan21,
    author  = {Z. Yan and H. Liu and J. Li and Y. Wang},
    title   = {Application of Identification and Evaluation Techniques for Edible Mushrooms: A Review},
    journal = {Critical Reviews in Analytical Chemistry},
    pages   = {634-654},
    volume  = {53},
    number  = {3},
    year    = {2021},
}

@book{Lincoff81,
    author    = {G. Lincoff and {National Audubon Society}},
    title     = {The National Audubon Society Field Guide to Mushrooms},
    publisher = {Knopf : Distributed by Random House},
    address   = {New York},
    year      = {1981}
}

% The following is a conference paper
@InProceedings{Wibowo18,
    author    = {A. Wibowo and Y. Rahayu and A. Riyanto and T. Hidayatulloh},
    title     = {Classification algorithm for edible mushroom identification},
    booktitle = {2018 International Conference on Information and Communications Technology (ICOIACT)},
    year      = {2018},
    pages     = {250-253},
}

@InProceedings{Zahan21,
    author    = {N. Zahan and M. Z. Hasan and M. A. Malek and S. S. Reya},
    title     = {A Deep Learning-Based Approach for Edible, Inedible and Poisonous Mushroom Classification},
    booktitle = {2021 International Conference on Information and Communication Technology for Sustainable Development (ICICT4SD)},
    year      = {2021},
    pages     = {440-444},
}
